@article{boyd2004bio,
  title   = {Bio-logging science: sensing beyond the boundaries},
  author  = {Boyd,Ian L. and Kato,Akiko and Ropert-Coudert,Yan},
  journal = {Memoirs of National Institute of Polar Research. Special issue},
  volume  = {58},
  pages   = {1--14},
  month   = {Mar},
  year    = {2004}
}

@article{wild2023multi,
  title     = {A multi-species evaluation of digital wildlife monitoring using the Sigfox IoT network},
  author    = {Wild, Timm A and van Schalkwyk, Louis and Viljoen, Pauli and Heine, Georg and Richter, Nina and Vorneweg, Bernd and Koblitz, Jens C and Dechmann, Dina KN and Rogers, Will and Partecke, Jesko and others},
  journal   = {Animal Biotelemetry},
  volume    = {11},
  number    = {1},
  pages     = {1--17},
  year      = {2023},
  url       = {https://doi.org/10.1186/s40317-023-00326-1},
  doi       = {https://doi.org/10.1186/s40317-023-00326-1},
  publisher = {BioMed Central}
}

@misc{Kidangoor_2024,
  title   = {New trackers bring Prairie Dogsâ€™ little-known underground life to light},
  url     = {https://news.mongabay.com/2024/03/new-trackers-bring-prairie-dogs-little-known-underground-life-to-light/#:~:text=While%20accelerometers%20measure%20if%20and,the%20direction%20of%20their%20movements.},
  journal = {Mongabay Environmental News},
  author  = {Kidangoor, Abhishyant},
  year    = {2024},
  month   = {Mar}
} 

@misc{Martin_2006,
  title     = {San Jose / in studying pollution, this professor will wing it / ...},
  url       = {https://www.sfgate.com/bayarea/article/SAN-JOSE-In-studying-pollution-this-professor-2542456.php},
  journal   = {SAN JOSE / In studying pollution, this professor will wing it / UC Irvine scientist to equip pigeons for smog blogs},
  publisher = {SFGATE},
  author    = {Martin, Glen},
  year      = {2006},
  month     = {Feb}
} 

@misc{AMdata,
  title   = {How is data put on radio waves?},
  url     = {https://www.qrg.northwestern.edu/projects/vss/docs/communications/1-how-is-data-put-on-radio-waves.html},
  journal = {How is data put on radio waves?}
} 

@misc{CenturyLink,
  title   = {The difference between 2.4 GHz and 5 GHz WiFi},
  url     = {https://www.centurylink.com/home/help/internet/wireless/which-frequency-should-you-use.html},
  journal = {CenturyLink}
} 

@misc{WiFiFreqImOn,
  title     = {Wi-Fi Frequencies Explained},
  url       = {https://www.imon.net/imon-difference/news-events/wi-fi-frequencies-explained},
  journal   = {Wi-Fi Frequencies Explained},
  publisher = {ImOn Communications}
} 

@misc{Calihman_2021,
  title   = {IOT architectures - common approaches and ways to design IOT at scale},
  url     = {https://www.netburner.com/learn/architectural-frameworks-in-the-iot-civilization/},
  journal = {NetBurner, Inc},
  author  = {Calihman, Adam},
  year    = {2021},
  month   = {Aug}
} 