@article{wild2023multi,
  title={A multi-species evaluation of digital wildlife monitoring using the Sigfox IoT network},
  author={Wild, Timm A and van Schalkwyk, Louis and Viljoen, Pauli and Heine, Georg and Richter, Nina and Vorneweg, Bernd and Koblitz, Jens C and Dechmann, Dina KN and Rogers, Will and Partecke, Jesko and others},
  journal={Animal Biotelemetry},
  volume={11},
  number={1},
  pages={1--17},
  year={2023},
  url = {https://doi.org/10.1186/s40317-023-00326-1},
  doi = {https://doi.org/10.1186/s40317-023-00326-1},
  publisher={BioMed Central}
}

@article{wild2023internet,
  title={Internet on animals: Wi-Fi-enabled devices provide a solution for big data transmission in biologging},
  author={Wild, Timm A and Wikelski, Martin and Tyndel, Stephen and Alarc{\'o}n-Nieto, Gustavo and Klump, Barbara C and Aplin, Lucy M and Meboldt, Mirko and Williams, Hannah J},
  journal={Methods in Ecology and Evolution},
  volume={14},
  number={1},
  pages={87--102},
  year={2023},
  url = {https://doi.org/10.1111/2041-210X.13798},
  doi = {https://doi.org/10.1111/2041-210X.13798},
  publisher={Wiley Online Library}
}

@article{boyd2004bio,
  title={Bio-logging science: sensing beyond the boundaries},
  author = {Boyd,Ian L. and Kato,Akiko and Ropert-Coudert,Yan},
  journal = {Memoirs of National Institute of Polar Research. Special issue},
  volume = {58},
  pages = {1--14},
  month = {Mar},
  year={2004}
}

@ARTICLE{10.3389/fevo.2018.00092,
  
AUTHOR={Chmura, Helen E. and Glass, Thomas W. and Williams, Cory T.},   
	 
TITLE={Biologging Physiological and Ecological Responses to Climatic Variation: New Tools for the Climate Change Era},      
	
JOURNAL={Frontiers in Ecology and Evolution},      
	
VOLUME={6},           
	
YEAR={2018},      
	  
URL={https://www.frontiersin.org/articles/10.3389/fevo.2018.00092},       
	
DOI={10.3389/fevo.2018.00092},      
	
ISSN={2296-701X},   
}

@article{cooke2008biotelemetry,
  title={Biotelemetry and biologging in endangered species research and animal conservation: relevance to regional, national, and IUCN Red List threat assessments},
  author={Cooke, Steven J},
  journal={Endangered species research},
  volume={4},
  number={1-2},
  pages={165--185},
  year={2008}
}

@book{greengard2021internet,
  title={The internet of things},
  author={Greengard, Samuel},
  year={2021},
  publisher={MIT press}
}