@article{wild2023multi,
  title={A multi-species evaluation of digital wildlife monitoring using the Sigfox IoT network},
  author={Wild, Timm A and van Schalkwyk, Louis and Viljoen, Pauli and Heine, Georg and Richter, Nina and Vorneweg, Bernd and Koblitz, Jens C and Dechmann, Dina KN and Rogers, Will and Partecke, Jesko and others},
  journal={Animal Biotelemetry},
  volume={11},
  number={1},
  pages={1--17},
  year={2023},
  url = {https://doi.org/10.1186/s40317-023-00326-1},
  doi = {https://doi.org/10.1186/s40317-023-00326-1},
  publisher={BioMed Central}
}

@article{wild2023internet,
  title={Internet on animals: Wi-Fi-enabled devices provide a solution for big data transmission in biologging},
  author={Wild, Timm A and Wikelski, Martin and Tyndel, Stephen and Alarc{\'o}n-Nieto, Gustavo and Klump, Barbara C and Aplin, Lucy M and Meboldt, Mirko and Williams, Hannah J},
  journal={Methods in Ecology and Evolution},
  volume={14},
  number={1},
  pages={87--102},
  year={2023},
  url = {https://doi.org/10.1111/2041-210X.13798},
  doi = {https://doi.org/10.1111/2041-210X.13798},
  publisher={Wiley Online Library}
}