@article{wild2023multi,
  title     = {A multi-species evaluation of digital wildlife monitoring using the Sigfox IoT network},
  author    = {Wild, Timm A and van Schalkwyk, Louis and Viljoen, Pauli and Heine, Georg and Richter, Nina and Vorneweg, Bernd and Koblitz, Jens C and Dechmann, Dina KN and Rogers, Will and Partecke, Jesko and others},
  journal   = {Animal Biotelemetry},
  volume    = {11},
  number    = {1},
  pages     = {1--17},
  year      = {2023},
  url       = {https://doi.org/10.1186/s40317-023-00326-1},
  doi       = {https://doi.org/10.1186/s40317-023-00326-1},
  publisher = {BioMed Central}
}

@article{wild2023internet,
  title     = {Internet on animals: Wi-Fi-enabled devices provide a solution for big data transmission in biologging},
  author    = {Wild, Timm A and Wikelski, Martin and Tyndel, Stephen and Alarc{\'o}n-Nieto, Gustavo and Klump, Barbara C and Aplin, Lucy M and Meboldt, Mirko and Williams, Hannah J},
  journal   = {Methods in Ecology and Evolution},
  volume    = {14},
  number    = {1},
  pages     = {87--102},
  year      = {2023},
  url       = {https://doi.org/10.1111/2041-210X.13798},
  doi       = {https://doi.org/10.1111/2041-210X.13798},
  publisher = {Wiley Online Library}
}

@article{boyd2004bio,
  title   = {Bio-logging science: sensing beyond the boundaries},
  author  = {Boyd,Ian L. and Kato,Akiko and Ropert-Coudert,Yan},
  journal = {Memoirs of National Institute of Polar Research. Special issue},
  volume  = {58},
  pages   = {1--14},
  month   = {Mar},
  year    = {2004}
}

@article{10.3389/fevo.2018.00092,
  author  = {Chmura, Helen E. and Glass, Thomas W. and Williams, Cory T.},
  title   = {Biologging Physiological and Ecological Responses to Climatic Variation: New Tools for the Climate Change Era},
  journal = {Frontiers in Ecology and Evolution},
  volume  = {6},
  year    = {2018},
  url     = {https://www.frontiersin.org/articles/10.3389/fevo.2018.00092},
  doi     = {10.3389/fevo.2018.00092},
  issn    = {2296-701X}
}

@article{cooke2008biotelemetry,
  title   = {Biotelemetry and biologging in endangered species research and animal conservation: relevance to regional, national, and IUCN Red List threat assessments},
  author  = {Cooke, Steven J},
  journal = {Endangered species research},
  volume  = {4},
  number  = {1-2},
  pages   = {165--185},
  year    = {2008}
}

@book{greengard2021internet,
  title     = {The internet of things},
  author    = {Greengard, Samuel},
  year      = {2021},
  publisher = {MIT press}
}

@article{kumar2019internet,
  title     = {Internet of Things is a revolutionary approach for future technology enhancement: a review},
  author    = {Kumar, Sachin and Tiwari, Prayag and Zymbler, Mikhail},
  journal   = {Journal of Big data},
  volume    = {6},
  number    = {1},
  pages     = {1--21},
  year      = {2019},
  publisher = {Springer}
}

@misc{Kidangoor_2024,
  title   = {New trackers bring Prairie Dogs’ little-known underground life to light},
  url     = {https://news.mongabay.com/2024/03/new-trackers-bring-prairie-dogs-little-known-underground-life-to-light/#:~:text=While%20accelerometers%20measure%20if%20and,the%20direction%20of%20their%20movements.},
  journal = {Mongabay Environmental News},
  author  = {Kidangoor, Abhishyant},
  year    = {2024},
  month   = {Mar}
} 

@misc{Martin_2006,
  title     = {San Jose / in studying pollution, this professor will wing it / ...},
  url       = {https://www.sfgate.com/bayarea/article/SAN-JOSE-In-studying-pollution-this-professor-2542456.php},
  journal   = {SAN JOSE / In studying pollution, this professor will wing it / UC Irvine scientist to equip pigeons for smog blogs},
  publisher = {SFGATE},
  author    = {Martin, Glen},
  year      = {2006},
  month     = {Feb}
} 

@article{cooke2012biotelemetry,
  title   = {Biotelemetry and biologging},
  author  = {Cooke, Steven J and Hinch, SG and LuCaS, Martyn C and Lutcavage, M},
  journal = {Fisheries techniques, 3rd edition. American Fisheries Society, Bethesda, Maryland},
  pages   = {819--860},
  year    = {2012}
}

@inproceedings{lavric2019sigfox,
  title        = {Sigfox communication protocol: The new era of iot?},
  author       = {Lavric, Alexandru and Petrariu, Adrian I and Popa, Valentin},
  booktitle    = {2019 international conference on sensing and instrumentation in IoT Era (ISSI)},
  pages        = {1--4},
  year         = {2019},
  organization = {IEEE}
}

@article{LavricSigfoxCommunication,
  author   = {Lavric, Alexandru and Petrariu, Adrian I. and Popa, Valentin},
  journal  = {IEEE Access},
  title    = {Long Range SigFox Communication Protocol Scalability Analysis Under Large-Scale, High-Density Conditions},
  year     = {2019},
  volume   = {7},
  number   = {},
  pages    = {35816-35825},
  keywords = {Logic gates;Sensors;Scalability;Europe;Wireless sensor networks;Internet of Things;Modulation;Internet of Things;scalability;wireless sensor networks},
  doi      = {10.1109/ACCESS.2019.2903157}
}

@inproceedings{yousuf2018throughput,
  title        = {Throughput, coverage and scalability of LoRa LPWAN for internet of things},
  author       = {Yousuf, Asif M and Rochester, Edward M and Ousat, Behnam and Ghaderi, Majid},
  booktitle    = {2018 IEEE/ACM 26th International Symposium on Quality of Service (IWQoS)},
  pages        = {1--10},
  year         = {2018},
  organization = {IEEE}
}

@misc{LoRa_Alliance®_2023,
  title   = {About LoRaWAN},
  url     = {https://lora-alliance.org/about-lorawan/},
  journal = {LoRa Alliance®},
  year    = {2023},
  month   = {Dec}
} 

@article{mekki2019comparative,
  title     = {A comparative study of LPWAN technologies for large-scale IoT deployment},
  author    = {Mekki, Kais and Bajic, Eddy and Chaxel, Frederic and Meyer, Fernand},
  journal   = {ICT express},
  volume    = {5},
  number    = {1},
  pages     = {1--7},
  year      = {2019},
  publisher = {Elsevier}
}

@misc{evanczukspeed,
  title     = {Speed Development of Secure Cellular Connected IoT Applications},
  author    = {Evanczuk, S},
  publisher = {Obtenido de https://www. digikey. com/en/articles/techzone/2018/jun/speed~…}
}

@inproceedings{DevalalLoraOverview,
  author    = {Devalal, Shilpa and Karthikeyan, A.},
  booktitle = {2018 Second International Conference on Electronics, Communication and Aerospace Technology (ICECA)},
  title     = {LoRa Technology - An Overview},
  year      = {2018},
  volume    = {},
  number    = {},
  pages     = {284-290},
  keywords  = {Batteries;Logic gates;Wireless fidelity;Chirp;Conferences;Embedded systems;IoT;LoRa;LoRaWAN;LoRa Alliance;Embedded Systems},
  doi       = {10.1109/ICECA.2018.8474715}
}

@article{ghoslya2017lora,
  title   = {LoRa: Symbol Generation},
  author  = {Ghoslya, Sakshama},
  journal = {All About LoRa and LoRaWAN},
  year    = {2017}
}

@article{erturk2019survey,
  title     = {A survey on LoRaWAN architecture, protocol and technologies},
  author    = {Ert{\"u}rk, Mehmet Ali and Ayd{\i}n, Muhammed Ali and B{\"u}y{\"u}kakka{\c{s}}lar, Muhammet Talha and Evirgen, Hayrettin},
  journal   = {Future internet},
  volume    = {11},
  number    = {10},
  pages     = {216},
  year      = {2019},
  publisher = {MDPI}
}

@article{AES128IoT,
  author   = {Tsai, Kun-Lin and Huang, Yi-Li and Leu, Fang-Yie and You, Ilsun and Huang, Yu-Ling and Tsai, Cheng-Han},
  journal  = {IEEE Access},
  title    = {AES-128 Based Secure Low Power Communication for LoRaWAN IoT Environments},
  year     = {2018},
  volume   = {6},
  number   = {},
  pages    = {45325-45334},
  keywords = {Encryption;Servers;Logic gates;Power demand;Network servers;Internet of Things;LoRaWAN;low power;data encryption;AES;Internet of Things},
  doi      = {10.1109/ACCESS.2018.2852563}
}

@inproceedings{WPA2Moissinac,
  author    = {Moissinac, Kyle and Ramos, David and Rendon, Giovanna and Elleithy, Abdelrahman},
  booktitle = {2021 IEEE 11th Annual Computing and Communication Workshop and Conference (CCWC)},
  title     = {Wireless Encryption and WPA2 Weaknesses},
  year      = {2021},
  volume    = {},
  number    = {},
  pages     = {1007-1015},
  keywords  = {Protocols;Conferences;Wireless networks;Virtual machining;Encryption;Servers;Testing;WiFi;wireless communication security;WEP;WAP;WPA2;WPA2 flaws;WPA3;encryption;network security;wireless vulnerabilities},
  doi       = {10.1109/CCWC51732.2021.9376023}
}

@misc{Ghimire_2023,
  title   = {How does the internet actually work?},
  url     = {https://www.linkedin.com/pulse/how-does-internet-actually-work-ajay-ghimire/},
  journal = {LinkedIn},
  author  = {Ghimire, Ajay},
  year    = {2023},
  month   = {Sep}
}

@misc{Netgear,
  title     = {What is the difference between 2.4 GHz, 5 GHz, and 6 GHz wireless frequencies?},
  url       = {https://kb.netgear.com/29396/What-is-the-difference-between-2-4-GHz-5-GHz-and-6-GHz-wireless-frequencies},
  journal   = {NETGEAR KB},
  publisher = {NETGEAR},
  author    = {Netgear}
} 